<?xml version="1.0" encoding="UTF-8"?><record xmlns="http://www.loc.gov/MARC21/slim" xmlns:cinclude="http://apache.org/cocoon/include/1.0" xmlns:zs="http://www.loc.gov/zing/srw/">
  <leader>00765nz  a2200157n  4500</leader>
  <controlfield tag="001">no2012003327</controlfield>
  <controlfield tag="003">DLC</controlfield>
  <controlfield tag="005">20120112075417.0</controlfield>
  <controlfield tag="008">120109n| acannaabn          |a ana     c</controlfield>
  <datafield tag="010" ind1=" " ind2=" ">
    <subfield code="a">no2012003327</subfield>
  </datafield>
  <datafield tag="035" ind1=" " ind2=" ">
    <subfield code="a">(OCoLC)oca09081023</subfield>
  </datafield>
  <datafield tag="040" ind1=" " ind2=" ">
    <subfield code="a">IdU</subfield>
    <subfield code="b">eng</subfield>
    <subfield code="c">IdU</subfield>
  </datafield>
  <datafield tag="110" ind1="2" ind2=" ">
    <subfield code="a">Kinnikinnick Native Plant Society</subfield>
  </datafield>
  <datafield tag="410" ind1="2" ind2=" ">
    <subfield code="a">KNPS</subfield>
  </datafield>
  <datafield tag="670" ind1=" " ind2=" ">
    <subfield code="a">Landscaping with native plants in the Idaho Panhandle, c2011:</subfield>
    <subfield code="b">t.p. (Kinnikinnick Native Plant Society) p. 5 (KNPS; of Bonner County, Idaho; founded in 1997)</subfield>
  </datafield>
  <datafield tag="670" ind1=" " ind2=" ">
    <subfield code="a">Its WWW site, Jan. 9, 2012:</subfield>
    <subfield code="b">home page (Kinnikinnick Native Plant Society Inc) history page (Sandpoint Chapter of the Idaho Native Plant Society formed in 1997 [no publs. in OCLC]; chapter officially became Kinnikinnick Native Plant Society, Inc. in Jan. 2010)</subfield>
  </datafield>
</record>